<record><leader>00000cas a22000007a 4500</leader><controlfield tag="001">26375648</controlfield><controlfield tag="008">920811c19709999ctumn ne      0   a0eng d</controlfield><datafield ind1=" " ind2=" " tag="010"><subfield code="a">sn 92051360 </subfield></datafield><datafield ind1=" " ind2=" " tag="040"><subfield code="a">CNW</subfield><subfield code="b">eng</subfield><subfield code="c">CNW</subfield><subfield code="d">OCLCQ</subfield><subfield code="d">NSD</subfield><subfield code="d">OCLCQ</subfield><subfield code="d">OCLCF</subfield><subfield code="d">OCLCO</subfield></datafield><datafield ind1=" " ind2=" " tag="012"><subfield code="l">1</subfield></datafield><datafield ind1=" " ind2=" " tag="022"><subfield code="a">1547-1497</subfield><subfield code="l">1547-1497</subfield><subfield code="2">1</subfield></datafield><datafield ind1="1" ind2=" " tag="029"><subfield code="a">AU@</subfield><subfield code="b">000020740808</subfield></datafield><datafield ind1=" " ind2=" " tag="037"><subfield code="b">Citizens for a Better Granby, P.O. Box 165, Granby, CT 06035-0165</subfield></datafield><datafield ind1=" " ind2=" " tag="042"><subfield code="a">msc</subfield><subfield code="a">nsdp</subfield></datafield><datafield ind1=" " ind2=" " tag="043"><subfield code="a">n-us-ct</subfield></datafield><datafield ind1="1" ind2="0" tag="050"><subfield code="a">ISSN RECORD</subfield></datafield><datafield ind1=" " ind2="4" tag="222"><subfield code="a">The Granby drummer</subfield></datafield><datafield ind1="0" ind2="4" tag="245"><subfield code="a">The Granby drummer.</subfield></datafield><datafield ind1=" " ind2=" " tag="260"><subfield code="a">Granby, Conn. :</subfield><subfield code="b">Citizens for a Better Granby,</subfield><subfield code="c">[1970]-</subfield></datafield><datafield ind1=" " ind2=" " tag="300"><subfield code="a">v.</subfield></datafield><datafield ind1=" " ind2=" " tag="310"><subfield code="a">Monthly (except July or Aug.),</subfield><subfield code="b">1988-</subfield></datafield><datafield ind1=" " ind2=" " tag="321"><subfield code="a">Monthly (except July and Aug.),</subfield><subfield code="b">&lt;1970&gt;-1987</subfield></datafield><datafield ind1="0" ind2=" " tag="362"><subfield code="a">Vol. 1, no. 1 (Oct. 1970)-</subfield></datafield><datafield ind1=" " ind2=" " tag="530"><subfield code="a">Also issued in an online version.</subfield></datafield><datafield ind1=" " ind2=" " tag="588"><subfield code="a">Latest issue consulted: Vol. 34, no. 1 (Sept. 2003) (surrogate).</subfield></datafield><datafield ind1=" " ind2="0" tag="651"><subfield code="a">Granby (Conn.)</subfield><subfield code="v">Newspapers.</subfield></datafield><datafield ind1=" " ind2="7" tag="655"><subfield code="a">Newspapers.</subfield><subfield code="2">fast</subfield><subfield code="0">(OCoLC)fst01423814</subfield></datafield><datafield ind1=" " ind2="7" tag="651"><subfield code="a">Connecticut</subfield><subfield code="z">Granby.</subfield><subfield code="2">fast</subfield><subfield code="0">(OCoLC)fst01301942</subfield></datafield><datafield ind1="2" ind2=" " tag="710"><subfield code="a">Citizens for a Better Granby.</subfield></datafield><datafield ind1=" " ind2=" " tag="752"><subfield code="a">United States</subfield><subfield code="b">Connecticut</subfield><subfield code="c">Hartford</subfield><subfield code="d">Granby.</subfield></datafield><datafield ind1="1" ind2=" " tag="776"><subfield code="t">Granby drummer (Online)</subfield><subfield code="x">1547-1500</subfield><subfield code="w">(DLC)  2003215915</subfield><subfield code="w">(OCoLC)53206827</subfield></datafield><datafield ind1="4" ind2="2" tag="856"><subfield code="u">http://www.granbydrummer.org</subfield></datafield></record>